@misc{ lecuter_notes_ci,
  author = "Anand Subramoney and Guillaume Bellec ",
  title = "Lecture slides from class Computational Intelligence",
  year = "2017",
  publisher = {Institute for Theoretical Computer Science (IGI), University of Technology Graz},
  note = "[Online; Stand 16. May 2017]"
}

﻿@misc{ lecuter_notes_spsc,
  author = "Franz Pernkopf",
  title = "Computational Intelligence: Teil 2 (Vorlesungsmitschrift)",
  year = "2016",
  publisher = {Signal Processing and Speech Communication Laboratory (SPSC), University of Technology Graz},
  note = "[Online; Stand 29. Juni 2016]"
}
