@misc{ lecuter_notes_ci,
  author = "Anand Subramoney and Guillaume Bellec ",
  title = "Lecture slides from class Computational Intelligence",
  year = "2017",
  publisher = {Institute for Theoretical Computer Science (IGI), University of Technology Graz},
  note = "[Online; Stand 16. May 2017]"
}

﻿@misc{ lecuter_notes_spsc,
  author = "Franz Pernkopf",
  title = "Computational Intelligence: Teil 2 (Vorlesungsmitschrift)",
  year = "2016",
  publisher = {Signal Processing and Speech Communication Laboratory (SPSC), University of Technology Graz},
  note = "[Online; Stand 29. Juni 2016]"
}

@incollection{Rabiner:1990:THM:108235.108253,
 author = {Rabiner, Lawrence R.},
 chapter = {A Tutorial on Hidden Markov Models and Selected Applications in Speech Recognition},
 title = {Readings in Speech Recognition},
 editor = {Waibel, Alex and Lee, Kai-Fu},
 year = {1990},
 isbn = {1-55860-124-4},
 pages = {267--296},
 numpages = {30},
 url = {http://dl.acm.org/citation.cfm?id=108235.108253},
 acmid = {108253},
 publisher = {Morgan Kaufmann Publishers Inc.},
 address = {San Francisco, CA, USA},
} 

@ARTICLE{Mann06numericallystable,
    author = {Tobias P. Mann},
    title = {Numerically stable hidden Markov model implementation},
    journal = {Ms. Feb},
    year = {2006}
}