@misc{ scikit,
  author = "Oscikit-learn developers (BSD License)",
  title = "scikit-learn - website",
  year = "2011",
  url = {http://scikit-learn.org/},
  note = "[Online; Stand 28. April 2017]"
}